
@misc{janne2012,
    Author = {Matti J{\"a}nne},
	Date-Added = {2012-02-02 16:16:34 +0000},
	Date-Modified = {2012-02-02 16:18:06 +0000},
	Howpublished = {Software Project Management Lecture},
	Month = {Jan},
	Title = {Managing Customer Specific Projects},
	Year = {2012}}

@article{kitchenham,
	Author = {Barbara Kitchenham},
	Date-Added = {2012-02-02 15:44:49 +0000},
	Date-Modified = {2012-02-02 15:45:52 +0000},
	Journal = {IEEE Software},
	Title = {The Problem with Function Points}}

@article{jorgensen2005,
	Author = {Magne Jorgensen},
	Date-Added = {2012-02-02 15:41:54 +0000},
	Date-Modified = {2012-02-02 15:44:45 +0000},
	Journal = {IEEE Software},
	Month = {May/June},
	Pages = {57-63},
	Title = {Practical Guidelines for Expert-Judgement-Based Software Effort Estimation},
	Year = {2005}}

@article{shepperd1996,
	Author = {Martin Shepperd and Chris Schofield and Barbara Kitchenham},
	Date-Added = {2012-02-02 15:38:50 +0000},
	Date-Modified = {2012-02-02 15:41:34 +0000},
	Journal = {IEEE Proceedings of ICSE-18},
	Pages = {170-178},
	Title = {Effort Estimation Using Analogy},
	Year = {1996}}

@unpublished{niinimaki,
	Author = {Tuomas Niinim{\"a}ki},
	Date-Added = {2012-02-02 15:37:47 +0000},
	Date-Modified = {2012-02-02 15:38:46 +0000},
	Note = {Working paper},
	Title = {Estimation of Software}}

@inbook{cohn2006,
	Author = {Mike Cohn},
	Chapter = {6},
	Date-Added = {2012-02-02 15:35:18 +0000},
	Date-Modified = {2012-02-02 15:37:29 +0000},
	Pages = {49-60},
	Publisher = {Prentice Hall},
	Title = {Agile estimating and planning},
	Year = {2006}}
